@inproceedings{microsofttoolkit,
   author={Joey Benedeck and Trish Miner},
   month={September},
   year={2002},
   title={Measuring desirability: New methods for evaluating desirability in a usability lab setting},
   booktitle={Humanizing design: Proceedings of UPA 2002 Conference},
   address={Orlando, Florida}
}

@inproceedings{ueda,
  title={Userâ€™s food preference extraction for personalized cooking recipe recommendation},
  author={Ueda, Mayumi and Takahata, Mari and Nakajima, Shinsuke},
  booktitle={Workshop of {ISWC}},
  pages={98--105},
  year={2011}
}

@misc{piccook,
	author={Zuraw, Lydia},
	title={'Picture Cook': Drawings Are The Key Ingredients In These Recipes},
	howpublished={\url{https://www.npr.org/sections/thesalt/2013/05/16/184545709/picture-cook-drawings-are-the-key-ingredients-in-these-recipes}},
	year={2013},
    month={May}
}

@misc{buy,
	author={Thomson, Julie R.},
	title={This Is Why You Should Still Buy Cookbooks In 2017},
	howpublished={\url{https://www.huffingtonpost.com/entry/best-new-cookbooks_us_587f768ee4b0c147f0bbff8b}},
	year={2017},
    month={January}
}

@misc{book_internet,
	author={Martinko, Katherine},
	title={I'll take my cookbooks over an internet full of recipes},
	howpublished={\url{https://www.treehugger.com/green-food/why-glut-online-recipes-overrated.html}},
	year={2017},
    month={June}
}

@art{dev,
	author={Zanteson, Lori},
	title={Developing Smartphone Apps},
	howpublished={\url{http://www.todaysdietitian.com/newarchives/090313p60.shtml}},
	year={2013},
    month={September},
    volume={15},
    journal={Today's Dietitian},
    number={9}
}

@inproceedings{shidochi2009finding,
  title={Finding replaceable materials in cooking recipe texts considering characteristic cooking actions},
  author={Shidochi, Yuka and Takahashi, Tomokazu and Ide, Ichiro and Murase, Hiroshi},
  booktitle={Proceedings of the ACM multimedia 2009 workshop on Multimedia for cooking and eating activities},
  pages={9--14},
  year={2009},
  organization={ACM}
}

@inproceedings{chen2016deep,
  title={Deep-based ingredient recognition for cooking recipe retrieval},
  author={Chen, Jingjing and Ngo, Chong-Wah},
  booktitle={Proceedings of the 2016 ACM on Multimedia Conference},
  pages={32--41},
  year={2016},
  organization={ACM}
}

@inproceedings{yu2011exploring,
  title={Exploring folksonomy and cooking procedures to boost cooking recipe recommendation},
  author={Yu, Lijuan and Li, Qing and Xie, Haoran and Cai, Yi},
  booktitle={Asia-Pacific Web Conference},
  pages={119--130},
  year={2011},
  organization={Springer}
}


@article{hertzler2002cooking,
  title={Cooking, recipe use and food habits of college students and nutrition educators},
  author={Hertzler, Ann A and Bruce, FA},
  journal={International Journal of Consumer Studies},
  volume={26},
  number={4},
  pages={340--345},
  year={2002},
  publisher={Wiley Online Library}
}

@inproceedings{ide2010multimedia,
  title={Multimedia supplementation to a cooking recipe text for facilitating its understanding to inexperienced users},
  author={Ide, Ichiro and Shidochi, Yuka and Nakamura, Yuichi and Deguchi, Daisuke and Takahashi, Tomokazu and Murase, Hiroshi},
  booktitle={Multimedia (ISM), 2010 IEEE International Symposium on},
  pages={242--247},
  year={2010},
  organization={IEEE}
}

@inproceedings{doman2011video,
  title={Video CooKing: Towards the synthesis of multimedia cooking recipes},
  author={Doman, Keisuke and Kuai, Cheng Ying and Takahashi, Tomokazu and Ide, Ichiro and Murase, Hiroshi},
  booktitle={International Conference on Multimedia Modeling},
  pages={135--145},
  year={2011},
  organization={Springer}
}

@misc{samsung,
  title = {Samsung Family Hub 3.0},
  howpublished = {\url{https://www.samsung.com/us/explore/family-hub-refrigerator/overview/}},
  note = {Accessed: 2018-05-08},
  Year = {2018},
  Month = {Jan},
  Day = {7}
}

@misc{supercook,
  title = {Supercook},
  howpublished = {\url{http://www.supercook.com/#/recipes}},
  note = {Accessed: 2018-05-08},
  Year = {2014}
}

@misc{cookingfever,
  title = {Cooking Fever Cookbook},
  howpublished = {\url{https://itunes.apple.com/us/app/cooking-fever-cookbook/id903904168?mt=8}},
  note = {Accessed: 2018-05-08},
  Year = {2015},
  Month = {Jul},
  Day = {20}
}

@misc{handpick,
  title = {Handpick Recipes \& Ingredients},
  howpublished = {\url{https://itunes.apple.com/us/app/handpick-recipes-ingredients/id879966748?mt=8}},
  note = {Accessed: 2018-05-08},
  Year = {2016},
  Month = {Nov},
  Day = {8}
}

@misc{pantrycheck,
  title = {Pantry Check - Grocery List},
  howpublished = {\url{https://itunes.apple.com/us/app/pantry-check-grocery-list/id966702368?mt=8}},
  note = {Accessed: 2018-05-08},
  Year = {2018},
  Month = {Apr},
  Day = {24}
}
